
@book{spencer_natural_2015,
	address = {Madrid},
	title = {Natural {Science}: {Primary} 6},
	isbn = {978-84-678-8092-2},
	shorttitle = {Natural {Science}},
	language = {English},
	publisher = {Anaya English},
	author = {Spencer, Deborah and Combi, Federico},
	year = {2015},
	note = {OCLC: 1085846901},
}

@book{noauthor_conocimiento_2009,
	address = {Boadilla del Monte (Madrid)},
	title = {Conocimiento del medio 6, {Primaria} {Proyecto} {Timonel}},
	isbn = {978-84-675-3585-3},
	language = {Spanish},
	publisher = {SM},
	year = {2009},
	note = {OCLC: 733694150},
}

@book{noauthor_conocimiento_2009-1,
	address = {Madrid},
	title = {Conocimiento del medio, 6 {Primaria}: {Proyecto} {La} {Casa} del {Saber}.},
	isbn = {978-84-294-8907-1},
	shorttitle = {Conocimiento del medio, 6 {Primaria}},
	language = {Spanish},
	publisher = {Santillana},
	year = {2009},
	note = {OCLC: 733814639},
}

@book{garrido_conocimiento_2009,
	address = {Barcelona},
	title = {Conocimiento del medio 6.},
	isbn = {978-84-236-9286-6},
	language = {Spanish},
	publisher = {Edeb√©},
	author = {Garrido, Antonio},
	year = {2009},
	note = {OCLC: 854315799},
}
